<record><leader>00000cas a22000007a 4500</leader><controlfield tag="001">24263744</controlfield><controlfield tag="008">910821d188819uunjuer ne      0    0eng d</controlfield><datafield ind1=" " ind2=" " tag="010"><subfield code="a">sn 91064026 </subfield></datafield><datafield ind1=" " ind2=" " tag="040"><subfield code="a">NJW</subfield><subfield code="b">eng</subfield><subfield code="c">NJW</subfield><subfield code="d">OCLCQ</subfield></datafield><datafield ind1="0" ind2=" " tag="130"><subfield code="a">Advance (Jamesburg, N.J.)</subfield></datafield><datafield ind1="1" ind2="4" tag="245"><subfield code="a">The Advance.</subfield></datafield><datafield ind1=" " ind2=" " tag="260"><subfield code="a">Jamesburg, N.J. :</subfield><subfield code="b">New Jersey State Reform School</subfield></datafield><datafield ind1=" " ind2=" " tag="300"><subfield code="a">v.</subfield></datafield><datafield ind1=" " ind2=" " tag="310"><subfield code="a">Biweekly,</subfield><subfield code="b">&lt;Jan. 5, 1921-Sept. 20, 1921&gt;</subfield></datafield><datafield ind1=" " ind2=" " tag="321"><subfield code="a">Biweekly,</subfield><subfield code="b">Mar. 1, 1888-June 20, 1889</subfield></datafield><datafield ind1=" " ind2=" " tag="321"><subfield code="a">Weekly,</subfield><subfield code="b">July 4, 1889-&lt;Feb. 28, 1901&gt;</subfield></datafield><datafield ind1="0" ind2=" " tag="362"><subfield code="a">Vol. 1, no. 1 (Mar. 1, 1888)-</subfield></datafield><datafield ind1="1" ind2=" " tag="362"><subfield code="a">Changed to magazine format Nov. 1921</subfield><subfield code="z">Cf. Wright, W.C. and Stellhorn, P.A. Direct. of N.J. Newspapers.</subfield></datafield><datafield ind1=" " ind2=" " tag="500"><subfield code="a">Publication of the New Jersey State Reform School, later known as the New Jersey State Home for Boys.</subfield></datafield><datafield ind1=" " ind2=" " tag="752"><subfield code="a">United States</subfield><subfield code="b">New Jersey</subfield><subfield code="c">Middlesex</subfield><subfield code="d">Jamesburg.</subfield></datafield></record>